@book{guptaAdvancedAlgorithms,
  author    = {Anupam Gupta},
  title     = {Advanced Algorithms},
  note      = {Lecturer notes},
  year      = {n.d.}, 
  url       = {https://www.cs.cmu.edu/~anupamg/},
  note      = {Accessed via lecture materials}
}

@book{laroccaAdvancedAlgorithmsDS,
  author    = {Marcello La Rocca},
  title     = {Advanced Algorithms and Data Structures},
  publisher = {Packt Publishing},
  year      = {2021},
  isbn      = {978-1839216548},
  url       = {https://www.packtpub.com/},
  note      = {Comprehensive reference on advanced algorithms and data structures}
}

@book{kleinbergTardosAlgorithmDesign,
  author    = {Jon Kleinberg and {\'E}va Tardos},
  title     = {Algorithm Design},
  publisher = {Addison-Wesley},
  year      = {2005},
  isbn      = {978-0321295354},
  note      = {Classic text on algorithm design with a focus on problem-solving strategies}
}

@inproceedings{seidelAllPairsShortestPath,
  author    = {Raimund Seidel},
  title     = {On the All-Pairs-Shortest-Path Problem},
  booktitle = {Proceedings of the Twenty-Fourth Annual ACM Symposium on Theory of Computing (STOC)},
  year      = {1992},
  pages     = {745--749},
  doi       = {10.1145/129712.129771},
  note      = {Discussion of the theoretical basis for APSP problems},
  publisher = {ACM}
}

@misc{wikiAPSP,
  author    = {Wikipedia Contributors},
  title     = {All-pairs Shortest Path Problem},
  howpublished = {\url{https://en.wikipedia.org/wiki/All-pairs_shortest_path_problem}},
  year      = {n.d.},
  note      = {Accessed 2024-11-27}
}

@misc{ericksonSSSP,
  author    = {Jeff Erickson},
  title     = {SSSP, APSP, Dijkstra, Bellman-Ford, Floyd-Warshall, and Johnson's Algorithm},
  note      = {Lecture notes from 210, 451 covering shortest path algorithms},
  year      = {n.d.},
  url       = {https://jeffe.cs.illinois.edu/},
  note      = {Accessed 2024-11-27}
}

@inproceedings{Akiba2013PL,
  title     = {Fast exact shortest-path distance queries on large networks by pruned landmark labeling},
  author    = {T. Akiba and Y. Iwata and Y. Yoshida},
  booktitle = {Proceedings of the 2013 ACM SIGMOD International Conference on Management of Data},
  year      = {2013},
  pages     = {349--360},
  publisher = {ACM},
  doi       = {10.1145/2463676.2463702}
}

@inproceedings{Sankowski2005,
  title     = {Dynamic transitive closure via dynamic matrix inverse},
  author    = {Piotr Sankowski},
  booktitle = {Proceedings of the 45th Annual IEEE Symposium on Foundations of Computer Science (FOCS)},
  year      = {2005},
  pages     = {509--517},
  publisher = {IEEE},
  doi       = {10.1109/SFCS.2005.53}
}

@article{Goldreich1998,
  title     = {Property testing in bounded degree graphs},
  author    = {Oded Goldreich and Dana Ron},
  journal   = {Algorithmica},
  year      = {1998},
  volume    = {32},
  number    = {2},
  pages     = {302--343},
  doi       = {10.1007/s00453-004-1117-0}
}

